@MISC{URL:node-github,
   title     = {{node-github NPM}},
   note      = {\url{https://github.com/mikedeboer/node-github}}
}

@MISC{URL:node-github-API,
   title     = {{node-github API}},
   note      = {\url{https://mikedeboer.github.io/node-github/}}
}

@MISC{URL:node-js,
   title     = {{Node.js API}},
   note      = {\url{https://nodejs.org/api//}}
}

@MISC{URL:NPM,
   title     = {{ghshell NPM}},
   note      = {\url{https://www.npmjs.com/package/ghshell}}
}

@MISC{URL:simple-barrier,
   title     = {{simple-barrier}},
   note      = {\url{https://www.npmjs.com/package/simple-barrier}}
}

@MISC{URL:async,
   title     = {{async}},
   note      = {\url{https://github.com/caolan/async}}
}

@MISC{URL:asynchronous-patterns,
   title     = {{Asynchronous Patterns}},
   note      = {\url{hhttps://mostafa-samir.github.io/async-iterative-patterns-pt1/}}
}

@MISC{URL:async-await,
   title     = {{Using async/await}},
   note      = {\url{https://blog.readme.io/using-async-await-in-node-js-7-6-0/}}
}